<?xml version="1.0" encoding="UTF-8"?><collection xmlns="http://www.loc.gov/MARC21/slim"><record><leader>00296nam--2200109-i-4500</leader><controlfield tag="001">000003177</controlfield><controlfield tag="002">20161230</controlfield><controlfield tag="005">20161230201025</controlfield><controlfield tag="008">060222s1000------------r-----000-0-eng-d</controlfield><datafield ind1=" " ind2=" " tag="100"><subfield code="a">Astbury ,N.F</subfield></datafield><datafield ind1=" " ind2=" " tag="245"><subfield code="a">Introduction to electrical applied physics</subfield></datafield><datafield ind1=" " ind2=" " tag="260"><subfield code="a">London , Chapmann And Hall,1956 Xi + 241 P</subfield></datafield></record></collection>